@misc{yellow_paper,
	url = {{https://github.com/ethereum/yellowpaper}},
	author = {Gavin Wood},
	title = {{Ethereum: A Secure Decentralised Generalised Transaction Ledger}},
	year = {{2018}},
}

@misc{akhunov_1x_workshop_part1,
       url = {{https://medium.com/@akhounov/looking-back-at-the-ethereum-1x-workshop-26-28-01-2019-part-1-70c1ebd93266}},
      author = {Alexey Akhunov},
      title = {{Looking back at the Ethereum 1x workshop 26â€“28.01.2019 (part 1)}},
      month = {{January}},
      year = {{2019}},
}
